<record xmlns="http://www.openarchives.org/OAI/2.0/" xmlns:xsi="http://www.w3.org/2001/XMLSchema-instance"><header><identifier>oai:alma.34CSIC_INST:990012345320204201</identifier><datestamp>2020-02-06T08:41:03Z</datestamp><setSpec>manuscripta</setSpec></header><metadata><record xmlns="http://www.loc.gov/MARC21/slim" xmlns:xsi="http://www.w3.org/2001/XMLSchema-instance" xsi:schemaLocation="http://www.loc.gov/MARC21/slim http://www.loc.gov/standards/marcxml/schema/MARC21slim.xsd"><leader>03821ntm a2200649 i 4500</leader><controlfield tag="005">20181031100354.0</controlfield><controlfield tag="008">100527q1900    sp            000 0 per d</controlfield><controlfield tag="001">990012345320204201</controlfield><datafield tag="035" ind1=" " ind2=" "><subfield code="a">CSIC001234532</subfield></datafield><datafield tag="035" ind1=" " ind2=" "><subfield code="a">(ES-MaCSI)001234532MAD01-Aleph</subfield></datafield><datafield tag="035" ind1=" " ind2=" "><subfield code="a">(OCoLC)1123943108
</subfield></datafield><datafield tag="040" ind1=" " ind2=" "><subfield code="a">ES-MaCSI</subfield><subfield code="b">spa</subfield></datafield><datafield tag="080" ind1=" " ind2=" "><subfield code="a">091(=221.1)</subfield></datafield><datafield tag="080" ind1=" " ind2=" "><subfield code="a">091(=512.1)</subfield></datafield><datafield tag="080" ind1=" " ind2=" "><subfield code="a">929(=221.1)</subfield></datafield><datafield tag="245" ind1="1" ind2="0"><subfield code="a">كتاب سفينة الروءساء</subfield><subfield code="h">[Manuscrito]</subfield></datafield><datafield tag="260" ind1=" " ind2=" "><subfield code="a">Turquía,</subfield><subfield code="c">[S. f., s. XVIII - XIX].</subfield></datafield><datafield tag="300" ind1=" " ind2=" "><subfield code="a">89 ff. + 2 de guarda (Línea tirada, 15 líneas por pág.) :</subfield><subfield code="b">Papel tratado ;</subfield><subfield code="c">22 x14, 8 cm. (caja: 15,5 x 8,8 cm.).</subfield></datafield><datafield tag="490" ind1="1" ind2=" "><subfield code="a">Manuscripta</subfield></datafield><datafield tag="500" ind1=" " ind2=" "><subfield code="a">Tintas negra y roja</subfield></datafield><datafield tag="500" ind1=" " ind2=" "><subfield code="a">Incipit:ن والقلم وما يسطرون. [بسملة]</subfield></datafield><datafield tag="500" ind1=" " ind2=" "><subfield code="a">Explicit: وحلا انن حكومت ران وزامرت وحمايتدر يم</subfield></datafield><datafield tag="500" ind1=" " ind2=" "><subfield code="a">Copista: Un copista desconocido.</subfield></datafield><datafield tag="500" ind1=" " ind2=" "><subfield code="a">Características especiales: Se indican los nombres de los líderes biografiados en tinta roja enmarcados en negro.</subfield></datafield><datafield tag="500" ind1=" " ind2=" "><subfield code="a">Ilustración: Decoración con motivo floral en oro, rojo, verde y azul al comienzo, en fol. 1v.</subfield></datafield><datafield tag="500" ind1=" " ind2=" "><subfield code="a">Ilustraciones: Círculos dorados marcando divisiones de texto. Texto enmarcado en rectángulo dorado y rojo en cada página.</subfield></datafield><datafield tag="500" ind1=" " ind2=" "><subfield code="a">Tipo de cuaderno: Cuadernos alternos de 4 y 6 bifolios.</subfield></datafield><datafield tag="500" ind1=" " ind2=" "><subfield code="a">Deterioros generales: Bien conservado</subfield></datafield><datafield tag="500" ind1=" " ind2=" "><subfield code="a">H. en blanco: No</subfield></datafield><datafield tag="500" ind1=" " ind2=" "><subfield code="a">H. dañadas, mutiladas, sueltas: No</subfield></datafield><datafield tag="500" ind1=" " ind2=" "><subfield code="a">H. faltan o añadidas: No</subfield></datafield><datafield tag="500" ind1=" " ind2=" "><subfield code="a">Foliación: Sin foliación original. Se ha foliado a lápiz en el margen superior izquierdo del recto.</subfield></datafield><datafield tag="500" ind1=" " ind2=" "><subfield code="a">Reclamos: En el verso de todos los folios.</subfield></datafield><datafield tag="500" ind1=" " ind2=" "><subfield code="a">Sign. cuad.: No.</subfield></datafield><datafield tag="500" ind1=" " ind2=" "><subfield code="a">Pautado: No se aprecia</subfield></datafield><datafield tag="500" ind1=" " ind2=" "><subfield code="a">Filigrana: Sí.</subfield></datafield><datafield tag="500" ind1=" " ind2=" "><subfield code="a">Anotaciones: Fol. 89v: “Donativo del ministro Beigbeder, 2-3-1940” sello azul de la escuela de estudios árabes.</subfield></datafield><datafield tag="500" ind1=" " ind2=" "><subfield code="a">Signatura antigua: RESC/1021</subfield></datafield><datafield tag="510" ind1="3" ind2=" "><subfield code="a">Descripción: No.</subfield></datafield><datafield tag="510" ind1="4" ind2=" "><subfield code="a">Bibliografía: No.</subfield></datafield><datafield tag="520" ind1=" " ind2=" "><subfield code="a">Biografías de líderes famosos. Introducción (مقدمة) en fols. 4v a 6r.</subfield></datafield><datafield tag="530" ind1=" " ind2=" "><subfield code="a">Digitalización.</subfield></datafield><datafield tag="541" ind1=" " ind2=" "><subfield code="a">Procedencia: Escuela de Estudios Árabes. Donativo del ministro Beigbeder</subfield><subfield code="d">Ingreso: 2 de marzo de 1940</subfield></datafield><datafield tag="546" ind1=" " ind2=" "><subfield code="a">Persa y turco</subfield></datafield><datafield tag="563" ind1=" " ind2=" "><subfield code="a">Encuadernado en cartera de piel marrón sobre cartón con medallón central grabado y recuadro en dorado.</subfield></datafield><datafield tag="594" ind1=" " ind2="1"><subfield code="a">Djalal Zadeh Mustafá Bak y varios autores más, traducción del Hadj Mustafá Affandi.</subfield></datafield><datafield tag="595" ind1=" " ind2=" "><subfield code="a">Edición: No.</subfield></datafield><datafield tag="650" ind1=" " ind2="7"><subfield code="a">Manuscritos persas.</subfield><subfield code="2">CSICAU</subfield></datafield><datafield tag="650" ind1=" " ind2="7"><subfield code="a">Manuscritos turcos</subfield><subfield code="2">CSICAU</subfield></datafield><datafield tag="650" ind1=" " ind2="7"><subfield code="a">Lenguas turcas.</subfield><subfield code="2">CSICAU</subfield></datafield><datafield tag="650" ind1=" " ind2="7"><subfield code="a">Biografías.</subfield><subfield code="2">CSICAU</subfield></datafield><datafield tag="700" ind1="1" ind2=" "><subfield code="a">Djalal Zadeh Mustafá Bak</subfield><subfield code="e">coaut.</subfield></datafield><datafield tag="700" ind1="1" ind2=" "><subfield code="a">Hadj Mustafá Affandi</subfield><subfield code="e">trad.</subfield></datafield><datafield tag="740" ind1="0" ind2=" "><subfield code="a">Kitāb Safīnat ar-ru’ asā (Biografía de Raiīš Effenḏī, 1694-1783)</subfield></datafield><datafield tag="830" ind1=" " ind2="0"><subfield code="a">Manuscripta</subfield></datafield><datafield tag="856" ind1="4" ind2="1"><subfield code="u">http://aleph.csic.es/imagenes/mad01/0006_PMSC/P_001234532_663860_V00.pdf</subfield><subfield code="z">Descargar Pdf completo (34M)</subfield><subfield code="m">CSIC</subfield></datafield><datafield tag="856" ind1="4" ind2="1"><subfield code="u">http://simurg.bibliotecas.csic.es/viewer/image/CSIC001234532/1/</subfield><subfield code="z">Ver texto completo en SIMURG, el portal de fondos digitalizados del CSIC</subfield><subfield code="m">CSIC</subfield></datafield><datafield tag="856" ind1="4" ind2="1"><subfield code="u">http://aleph.csic.es/imagenes/mad01/0006_PMSC/html/001234532.html</subfield><subfield code="z">Ver texto completo en Bookreader</subfield></datafield></record></metadata></record>